<?xml version="1.0" encoding="UTF-8"?><collection xmlns="http://www.loc.gov/MARC21/slim"><record><leader>00576nam--2200181-i-4500</leader><controlfield tag="001">000031653</controlfield><controlfield tag="002">20161230</controlfield><controlfield tag="005">20161230201038</controlfield><controlfield tag="008">060222s1000------------r-----000-0-eng-d</controlfield><datafield ind1=" " ind2=" " tag="040"><subfield code="a">IFIN-HH</subfield></datafield><datafield ind1=" " ind2=" " tag="080"><subfield code="a">537.6:532.955:537.622</subfield></datafield><datafield ind1="1" ind2=" " tag="100"><subfield code="a">Haas, Warren C</subfield></datafield><datafield ind1="1" ind2="0" tag="245"><subfield code="a">Magnetism and magnetic materials: 1966 digest</subfield><subfield code="b">A survey of the technical literature of the preceding year</subfield><subfield code="c">Warren c. haas; h.s. jarrett (eds.)</subfield></datafield><datafield ind1=" " ind2=" " tag="260"><subfield code="a">New York</subfield><subfield code="b">Academic Press</subfield><subfield code="c">1966</subfield></datafield><datafield ind1=" " ind2=" " tag="300"><subfield code="a">XIII+273P</subfield></datafield><datafield ind1="1" ind2=" " tag="700"><subfield code="a">Jarrett, H.S</subfield><subfield code="e">Ed</subfield></datafield><datafield ind1=" " ind2=" " tag="852"><subfield code="a">25995</subfield><subfield code="c">537:538</subfield></datafield><datafield ind1=" " ind2=" " tag="CAT"><subfield code="a">Sys</subfield><subfield code="c">20110614</subfield><subfield code="h">142714</subfield></datafield></record></collection>